<record><leader>00000cas a22000007a 4500</leader><controlfield tag="001">13440753</controlfield><controlfield tag="008">860416d19461948nvudn ne      0    0eng d</controlfield><datafield ind1=" " ind2=" " tag="010"><subfield code="a">sn 86076021 </subfield></datafield><datafield ind1=" " ind2=" " tag="040"><subfield code="a">NNX</subfield><subfield code="b">eng</subfield><subfield code="c">NNX</subfield><subfield code="d">OCLCQ</subfield></datafield><datafield ind1=" " ind2=" " tag="042"><subfield code="a">msc</subfield></datafield><datafield ind1="0" ind2="0" tag="245"><subfield code="a">Boulder City daily news.</subfield></datafield><datafield ind1=" " ind2=" " tag="260"><subfield code="a">Boulder City, Nev. :</subfield><subfield code="b">R.E. Carter,</subfield><subfield code="c">1946-1948.</subfield></datafield><datafield ind1=" " ind2=" " tag="300"><subfield code="a">3 v. :</subfield><subfield code="b">ill.</subfield></datafield><datafield ind1=" " ind2=" " tag="310"><subfield code="a">Daily (except Sat. and Sun.)</subfield></datafield><datafield ind1="0" ind2=" " tag="362"><subfield code="a">Vol. 9, no. 229 (Nov. 18, 1946)-v. 11, no. 21 (Jan. 30, 1948).</subfield></datafield><datafield ind1=" " ind2=" " tag="752"><subfield code="a">United States</subfield><subfield code="b">Nevada</subfield><subfield code="c">Clark</subfield><subfield code="d">Boulder City.</subfield></datafield><datafield ind1="0" ind2="0" tag="780"><subfield code="t">Boulder City news (1940)</subfield><subfield code="w">(DLC)sn 86076020</subfield><subfield code="w">(OCoLC)13440801</subfield></datafield><datafield ind1="0" ind2="0" tag="785"><subfield code="t">Boulder City news (1948)</subfield><subfield code="w">(DLC)sn 86076022</subfield><subfield code="w">(OCoLC)13501005</subfield></datafield></record>